@manual{Beowulf-MiniHowto,
	title = {Beowulf cluster Mini-HowTo},
	note = {http://www.fysik.dtu.dk/CAMP/cluster-howto.html}
}

@manual{Beowulf-Home,
	title = {Beowulf.org The Beowulf Cluster Site},
	note = {http://www.beowulf.org/index.html}
}

@manual{Beowulf-Howto,
	title = {Beowulf HOWTO},
	note = {http://www.faqs.org/docs/Linux-HOWTO/Beowulf-HOWTO.html}
}

@manual{Hurd-Translators,
	title = {Debian GNU/Hurd - Translators},
	note = {http://www.debian.org/ports/hurd/hurd-doc-translator}
}

